<record><leader>00000cas a2200000 i 4500</leader><controlfield tag="001">908857094</controlfield><controlfield tag="006">m     o  d        </controlfield><controlfield tag="007">cr |||||||||||</controlfield><controlfield tag="008">150513d18641911ohuwr neo     0   a0eng  </controlfield><datafield ind1=" " ind2=" " tag="010"><subfield code="a">  2015218764</subfield></datafield><datafield ind1=" " ind2=" " tag="040"><subfield code="a">DLC</subfield><subfield code="b">eng</subfield><subfield code="e">rda</subfield><subfield code="c">DLC</subfield><subfield code="d">DLC</subfield><subfield code="d">OCLCF</subfield></datafield><datafield ind1="0" ind2=" " tag="022"><subfield code="a">2379-142X</subfield><subfield code="2">1</subfield></datafield><datafield ind1=" " ind2=" " tag="042"><subfield code="a">pcc</subfield><subfield code="a">nsdp</subfield></datafield><datafield ind1=" " ind2=" " tag="043"><subfield code="a">n-us-oh</subfield></datafield><datafield ind1="1" ind2="0" tag="050"><subfield code="a">ISSN RECORD</subfield></datafield><datafield ind1="0" ind2="0" tag="082"><subfield code="a">071</subfield><subfield code="2">23</subfield></datafield><datafield ind1="0" ind2=" " tag="130"><subfield code="a">Cadiz sentinel (1864)</subfield></datafield><datafield ind1=" " ind2="4" tag="222"><subfield code="a">The Cadiz sentinel</subfield><subfield code="b">(1864. Online)</subfield></datafield><datafield ind1="1" ind2="4" tag="245"><subfield code="a">The Cadiz sentinel.</subfield></datafield><datafield ind1=" " ind2="1" tag="264"><subfield code="a">Cadiz, Ohio :</subfield><subfield code="b">Charles N. Allen</subfield></datafield><datafield ind1=" " ind2=" " tag="300"><subfield code="a">1 online resource</subfield></datafield><datafield ind1=" " ind2=" " tag="310"><subfield code="a">Weekly</subfield></datafield><datafield ind1=" " ind2=" " tag="336"><subfield code="a">text</subfield><subfield code="b">txt</subfield><subfield code="2">rdacontent</subfield></datafield><datafield ind1=" " ind2=" " tag="337"><subfield code="a">computer</subfield><subfield code="b">c</subfield><subfield code="2">rdamedia</subfield></datafield><datafield ind1=" " ind2=" " tag="338"><subfield code="a">online resource</subfield><subfield code="b">cr</subfield><subfield code="2">rdacarrier</subfield></datafield><datafield ind1="1" ind2=" " tag="362"><subfield code="a">Began with May 11, 1864 issue; ceased November 30, 1911.</subfield></datafield><datafield ind1=" " ind2=" " tag="588"><subfield code="a">Description based on: Volume 31, no. 3 (May 18, 1864); title from masthead (Chroniclingamerica.loc.gov, viewed May 13, 2015).</subfield></datafield><datafield ind1=" " ind2=" " tag="588"><subfield code="a">Latest issue consulted: Volume 4, no. 21 (December 23, 1868) (Chroniclingamerica.loc.gov, viewed May 13, 2015).</subfield></datafield><datafield ind1=" " ind2="0" tag="651"><subfield code="a">Cadiz (Ohio)</subfield><subfield code="v">Newspapers.</subfield></datafield><datafield ind1=" " ind2="7" tag="655"><subfield code="a">Newspapers.</subfield><subfield code="2">fast</subfield><subfield code="0">(OCoLC)fst01423814</subfield></datafield><datafield ind1=" " ind2="7" tag="651"><subfield code="a">Ohio</subfield><subfield code="z">Cadiz.</subfield><subfield code="2">fast</subfield><subfield code="0">(OCoLC)fst01232209</subfield></datafield><datafield ind1=" " ind2=" " tag="752"><subfield code="a">United States</subfield><subfield code="b">Ohio</subfield><subfield code="c">Harrison</subfield><subfield code="d">Cadiz.</subfield></datafield><datafield ind1="0" ind2="8" tag="776"><subfield code="i">Originally issued in print:</subfield><subfield code="t">Cadiz sentinel (1864)</subfield><subfield code="x">2379-1411</subfield><subfield code="w">(DLC)sn 85034406</subfield><subfield code="w">(OCoLC)12819279</subfield></datafield><datafield ind1="0" ind2="0" tag="780"><subfield code="t">Cadiz Democratic sentinel</subfield><subfield code="x">2379-1349</subfield><subfield code="w">(DLC)  2015218763</subfield><subfield code="w">(OCoLC)908850668</subfield></datafield><datafield ind1="0" ind2="7" tag="785"><subfield code="t">Cadiz Democrat</subfield></datafield><datafield ind1="0" ind2="7" tag="785"><subfield code="t">Cadiz Democrat sentinel (Cadiz, Ohio : 1911)</subfield></datafield><datafield ind1="4" ind2="0" tag="856"><subfield code="u">http://www.loc.gov/chroniclingamerica/lccn/sn85034406/issues</subfield></datafield></record>